<record><leader>00000cas a22000007a 4500</leader><controlfield tag="001">25399201</controlfield><controlfield tag="008">920305d18uu1uuuwyuwr ne      0    0eng d</controlfield><datafield ind1=" " ind2=" " tag="010"><subfield code="a">sn 92066966 </subfield></datafield><datafield ind1=" " ind2=" " tag="040"><subfield code="a">NVO</subfield><subfield code="b">eng</subfield><subfield code="c">NVO</subfield><subfield code="d">OCL</subfield><subfield code="d">OCLCQ</subfield><subfield code="d">OCLCO</subfield></datafield><datafield ind1=" " ind2=" " tag="042"><subfield code="a">msc</subfield></datafield><datafield ind1=" " ind2=" " tag="043"><subfield code="a">n-us-wy</subfield></datafield><datafield ind1="0" ind2="4" tag="245"><subfield code="a">The Otto courier.</subfield></datafield><datafield ind1=" " ind2=" " tag="260"><subfield code="a">Otto, Big Horn County, Wyo. :</subfield><subfield code="b">L. Blakesley</subfield></datafield><datafield ind1=" " ind2=" " tag="300"><subfield code="a">v.</subfield></datafield><datafield ind1=" " ind2=" " tag="310"><subfield code="a">Weekly</subfield></datafield><datafield ind1=" " ind2=" " tag="588"><subfield code="a">Description based on: Vol. 5, no. 48 (Oct. 1, 1898).</subfield></datafield><datafield ind1=" " ind2="0" tag="651"><subfield code="a">Otto (Wyo.)</subfield><subfield code="v">Newspapers.</subfield></datafield><datafield ind1=" " ind2="0" tag="651"><subfield code="a">Big Horn County (Wyo.)</subfield><subfield code="v">Newspapers.</subfield></datafield><datafield ind1=" " ind2=" " tag="752"><subfield code="a">United States</subfield><subfield code="b">Wyoming</subfield><subfield code="c">Big Horn</subfield><subfield code="d">Otto.</subfield></datafield><datafield ind1="0" ind2="7" tag="785"><subfield code="t">Big Horn County news (Meeteetse, Wyo. : 1897)</subfield><subfield code="w">(DLC)sn 92067186</subfield></datafield><datafield ind1="0" ind2="7" tag="785"><subfield code="t">Big Horn County news and courier</subfield><subfield code="w">(DLC)sn 92067006</subfield></datafield></record>